@misc{TelemanRepThry,
	Author = {Constantin Teleman},
	Numpages = {60},
	Title = {Representation Theory},
	howpublished= {\url{https://math.berkeley.edu/~teleman/math/RepThry.pdf}},
	note = {Online; accessed 11 November 2015},
	Year = {2005}}

@misc{AlexBartelRepThry,
	Author = {Alex Bartel},
	Numpages = {43},
	Title = {Introduction to representation theory of finite groups},
	howpublished= {\url{https://math.berkeley.edu/~teleman/math/RepThry.pdf}},
	note = {Online; accessed 11 November 2015},
	Year = {2014}}

@misc{ConradMinPoly,
	Author = {Keith Conrad},
	Numpages = {14},
	Title = {The Minimal Polynomial and Some Applications},
	howpublished= {\url{http://www.math.uconn.edu/~kconrad/blurbs/linmultialg/minpolyandappns.pdf}},
	note = {Online; accessed 12 December 2015},
	Year = {2014}}


@book{dummit2003abstract,
  title={Abstract Algebra},
  author={Dummit, D.S. and Foote, R.M.},
  isbn={9780471433347},
  lccn={2003057652},
  url={https://books.google.com/books?id=KJDBQgAACAAJ},
  year={2003},
  publisher={Wiley}
}
